<record><leader>00000cas a22000007a 4500</leader><controlfield tag="001">12541414</controlfield><controlfield tag="008">850912d19421954aluwr ne      0    0eng d</controlfield><datafield ind1=" " ind2=" " tag="010"><subfield code="a">sn 85044941 </subfield></datafield><datafield ind1=" " ind2=" " tag="040"><subfield code="a">ALM</subfield><subfield code="b">eng</subfield><subfield code="c">ALM</subfield><subfield code="d">CPN</subfield><subfield code="d">OCLCQ</subfield></datafield><datafield ind1=" " ind2=" " tag="042"><subfield code="a">msc</subfield></datafield><datafield ind1="0" ind2="4" tag="245"><subfield code="a">The Northwest Alabamian &amp; the Fayette banner.</subfield></datafield><datafield ind1="3" ind2="0" tag="246"><subfield code="a">Northwest Alabamian and Fayette banner</subfield></datafield><datafield ind1=" " ind2=" " tag="260"><subfield code="a">Fayette, Ala. :</subfield><subfield code="b">Jay Thornton,</subfield><subfield code="c">1942-1954.</subfield></datafield><datafield ind1=" " ind2=" " tag="300"><subfield code="a">v. :</subfield><subfield code="b">ill. ;</subfield><subfield code="c">44-55 cm.</subfield></datafield><datafield ind1=" " ind2=" " tag="310"><subfield code="a">Weekly</subfield></datafield><datafield ind1="0" ind2=" " tag="362"><subfield code="a">No. 49-16 (Feb. 4, 1942)-Sept. 6, 1945 ; v. 97, no. 37 (Sept. 13, 1945)-v. 105, no. 8 (Sept. 23, 1954).</subfield></datafield><datafield ind1=" " ind2=" " tag="500"><subfield code="a">Title varies slightly.</subfield></datafield><datafield ind1=" " ind2=" " tag="515"><subfield code="a">Numbering is irregular.</subfield></datafield><datafield ind1=" " ind2=" " tag="515"><subfield code="a">No volume and issue numbers, &lt;Nov. 21, 1946-1948&gt;.</subfield></datafield><datafield ind1=" " ind2=" " tag="752"><subfield code="a">United States</subfield><subfield code="b">Alabama</subfield><subfield code="c">Fayette</subfield><subfield code="d">Fayette.</subfield></datafield><datafield ind1="0" ind2="4" tag="780"><subfield code="t">Northwest Alabamian</subfield><subfield code="w">(DLC)sn 86050231</subfield></datafield><datafield ind1="0" ind2="4" tag="780"><subfield code="t">Fayette banner</subfield><subfield code="w">(DLC)sn 85044706</subfield></datafield><datafield ind1="0" ind2="4" tag="785"><subfield code="t">Fayette County times (Fayette, Ala. : 1941)</subfield><subfield code="w">(DLC)sn 86050232</subfield></datafield></record>